@Misc{Young2013,
 author = "Young, Scott",
 howpublished = "http://www.scotthyoung.com/blog/2013/02/21/wordsmith/",
 year = "2013",
 month = "02",
 title = "Building a Program that Plays Scrabble",
 url = "http://www.scotthyoung.com/blog/2013/02/21/wordsmith/"
}
@Misc{icantrap,
 author = "icantrap (Github User)",
 howpublished = "https://github.com/icantrap/android-dawg",
 year = "2013",
 month = "10",
 title = "android-dawg",
 url = "https://github.com/icantrap/android-dawg",
 note = {Accessed: 2015-05-01}
}
@Misc{sharpscrabble,
 author = "wsanville@gmail.com (Google Code User)",
 howpublished = "https://code.google.com/p/sharpscrabble/",
 year = "2010",
 month = "10",
 title = "scharpscrabble",
 url = "https://code.google.com/p/sharpscrabble/",
 note = {Accessed: 2015-05-01}
}
@Misc{naspa,
 author = "{North American Scrabble Players Association}",
 howpublished = "http://www.scrabbleplayers.org/w/Official\_Tournament\_and\_\newline Club\_Word\_List",
 year = "2009",
 title = "Official Tournament and Club Word List",
 url = "http://www.scrabbleplayers.org/w/Official\_Tournament\_and\_Club\_Word\_List",
 note = {Accessed: 2015-05-01}
}
@Techreport{Shapiro1982,
 author = "Shapiro, Stuart C. and Smith, Howard R.",
 title = "A Scrabble Crossword Game Playing Program",
 number = "119",
 institution = "Indiana University",
 year  = "1982",
 url = "http://www.cse.buffalo.edu/~shapiro/Papers/ubtr119.pdf"
}
@article{Schaeffer2001,
  title={A gamut of games},
  author={Schaeffer, Jonathan},
  journal={AI Magazine},
  volume={22},
  number={3},
  pages={29},
  year={2001},
  url = "http://www.aaai.org/ojs/index.php/aimagazine/article/view/1570"
}
@article{1sheppard2002,
  title={World-championship-caliber Scrabble},
  author={Sheppard, Brian},
  journal={Artificial Intelligence},
  volume={134},
  number={1},
  pages={241--275},
  year={2002},
  publisher={Elsevier},
  url = "https://smp.uq.edu.au/sites/smp.uq.edu.au/files/WorldChampionshipScrabble.pdf"
}
@phdthesis{2sheppard2002,
  title={Towards Perfect Play of Scrabble.},
  author={Sheppard, Brian},
  school={Universiteit Maastricht},
  year={2002},
  url="https://project.dke.maastrichtuniversity.nl/games/files/phd/Shepard_thesis.pdf"
}
@inproceedings{Richards2007,
  title={Opponent Modeling in Scrabble.},
  author={Richards, Mark and Amir, Eyal},
  booktitle={IJCAI},
  pages={1482--1487},
  year={2007},
  url= "http://www.aaai.org/Papers/IJCAI/2007/IJCAI07-239"
}
@ARTICLE{Gordon94,
    author = {Steven A. Gordon},
    title = {A Faster Scrabble Move Generation Algorithm},
    journal = {Softw. Pract. Exp},
    year = {1994},
    volume = {24},
    pages = {219--232},
    url = "http://www.eecs.northwestern.edu/~robby/uc-courses/22001-2008-winter/faster-scrabble-gordon.pdf"
}
@article{Appel1988,
 author = {Appel, Andrew W. and Jacobson, Guy J.},
 title = {The World's Fastest Scrabble Program},
 journal = {Commun. ACM},
 issue_date = {May 1988},
 volume = {31},
 number = {5},
 month = may,
 year = {1988},
 issn = {0001-0782},
 pages = {572--578},
 numpages = {7},
 url = {http://www.gtoal.com/wordgames/jacobson+appel/aj.pdf},
 doi = {10.1145/42411.42420},
 acmid = {42420},
 publisher = {ACM},
 address = {New York, NY, USA}
}
@Mastersthesis{DiMaria2012,
  title={An Artificial Intelligence that plays for competitive Scrabble},
  author={Di Maria, Fulvio and Strade, Alberto},
  school={Alma Mater Studiorum, Bologna},
  pages={98},
  year={2012},
  url="http://ceur-ws.org/Vol-860/paper16.pdf"
}

